<record><leader>00000cas a2200000 a 4500</leader><controlfield tag="001">28317751</controlfield><controlfield tag="008">930623d1993200uncudn ne      0   a0eng c</controlfield><datafield ind1=" " ind2=" " tag="010"><subfield code="a">sn 94002037 </subfield></datafield><datafield ind1=" " ind2=" " tag="040"><subfield code="a">NCS</subfield><subfield code="b">eng</subfield><subfield code="c">NCS</subfield><subfield code="d">NSD</subfield><subfield code="d">CUI</subfield><subfield code="d">OCLCQ</subfield><subfield code="d">OCLCF</subfield></datafield><datafield ind1=" " ind2=" " tag="012"><subfield code="j">0</subfield><subfield code="m">d</subfield></datafield><datafield ind1="0" ind2=" " tag="022"><subfield code="a">1075-6698</subfield><subfield code="l">1075-6698</subfield><subfield code="2">1</subfield></datafield><datafield ind1="1" ind2=" " tag="029"><subfield code="a">AU@</subfield><subfield code="b">000010930599</subfield></datafield><datafield ind1=" " ind2=" " tag="042"><subfield code="a">nsdp</subfield><subfield code="a">pcc</subfield></datafield><datafield ind1=" " ind2=" " tag="043"><subfield code="a">n-us-nc</subfield></datafield><datafield ind1=" " ind2="4" tag="050"><subfield code="a">AN</subfield></datafield><datafield ind1="0" ind2=" " tag="130"><subfield code="a">Daily news (Eden, N.C.)</subfield></datafield><datafield ind1="0" ind2=" " tag="210"><subfield code="a">Daily news</subfield><subfield code="b">(Eden N.C.)</subfield></datafield><datafield ind1=" " ind2="4" tag="222"><subfield code="a">The daily news</subfield><subfield code="b">(Eden, N.C.)</subfield></datafield><datafield ind1="0" ind2="4" tag="245"><subfield code="a">The daily news.</subfield></datafield><datafield ind1=" " ind2=" " tag="260"><subfield code="a">Eden, N.C. :</subfield><subfield code="b">Park Newspapers of Eden, Inc.,</subfield><subfield code="c">1993-</subfield></datafield><datafield ind1=" " ind2=" " tag="300"><subfield code="a">v. :</subfield><subfield code="b">ill. ;</subfield><subfield code="c">58 cm.</subfield></datafield><datafield ind1=" " ind2=" " tag="310"><subfield code="a">Daily (Mon.-Fri.)</subfield></datafield><datafield ind1="0" ind2=" " tag="362"><subfield code="a">Vol. 70, no. 33 (May 3, 1993)-</subfield></datafield><datafield ind1=" " ind2="0" tag="651"><subfield code="a">Eden (N.C.)</subfield><subfield code="v">Newspapers.</subfield></datafield><datafield ind1=" " ind2="7" tag="655"><subfield code="a">Newspapers.</subfield><subfield code="2">fast</subfield><subfield code="0">(OCoLC)fst01423814</subfield></datafield><datafield ind1=" " ind2="7" tag="651"><subfield code="a">North Carolina</subfield><subfield code="z">Eden.</subfield><subfield code="2">fast</subfield><subfield code="0">(OCoLC)fst01214680</subfield></datafield><datafield ind1=" " ind2=" " tag="752"><subfield code="a">United States</subfield><subfield code="b">North Carolina</subfield><subfield code="c">Rockingham</subfield><subfield code="d">Eden.</subfield></datafield><datafield ind1="0" ind2="0" tag="780"><subfield code="t">Eden daily news</subfield><subfield code="x">1067-0874</subfield><subfield code="w">(DLC)sn   92006786</subfield><subfield code="w">(OCoLC)13188545</subfield></datafield><datafield ind1="0" ind2="0" tag="785"><subfield code="t">Eden daily news (2002)</subfield><subfield code="x">1541-3349</subfield><subfield code="w">(DLC)  2002212668</subfield><subfield code="w">(OCoLC)50399551</subfield></datafield></record>